<record><leader>00000cas a22000007a 4500</leader><controlfield tag="001">9491965</controlfield><controlfield tag="008">830509d18801904ksudr ne      0    0ger d</controlfield><datafield ind1=" " ind2=" " tag="010"><subfield code="a">sn 83040107 </subfield></datafield><datafield ind1=" " ind2=" " tag="040"><subfield code="a">KSH</subfield><subfield code="b">eng</subfield><subfield code="c">KSH</subfield><subfield code="d">NPT</subfield><subfield code="d">DLC</subfield><subfield code="d">OCLCF</subfield><subfield code="d">OCLCO</subfield><subfield code="d">OCLCQ</subfield></datafield><datafield ind1="0" ind2=" " tag="041"><subfield code="a">ger</subfield><subfield code="a">eng</subfield></datafield><datafield ind1=" " ind2=" " tag="042"><subfield code="a">msc</subfield></datafield><datafield ind1=" " ind2=" " tag="043"><subfield code="a">n-us-ks</subfield></datafield><datafield ind1="0" ind2="0" tag="245"><subfield code="a">Kansas telegraph.</subfield></datafield><datafield ind1=" " ind2=" " tag="260"><subfield code="a">Atchison, Kan. :</subfield><subfield code="b">Kansas Telegraph Druckerei-Gesellschaft,</subfield><subfield code="c">1880-</subfield></datafield><datafield ind1=" " ind2=" " tag="300"><subfield code="a">volumes ;</subfield><subfield code="c">44 cm</subfield></datafield><datafield ind1=" " ind2=" " tag="310"><subfield code="a">Daily (except Sunday)</subfield></datafield><datafield ind1=" " ind2=" " tag="336"><subfield code="a">text</subfield><subfield code="b">txt</subfield><subfield code="2">rdacontent</subfield></datafield><datafield ind1=" " ind2=" " tag="337"><subfield code="a">unmediated</subfield><subfield code="b">n</subfield><subfield code="2">rdamedia</subfield></datafield><datafield ind1=" " ind2=" " tag="338"><subfield code="a">volume</subfield><subfield code="b">nc</subfield><subfield code="2">rdacarrier</subfield></datafield><datafield ind1="0" ind2=" " tag="362"><subfield code="a">Jahrg. 1, Nr. 1 (23 Dez. 1880)-</subfield></datafield><datafield ind1="1" ind2=" " tag="362"><subfield code="a">Ceased in 1904?</subfield></datafield><datafield ind1=" " ind2=" " tag="500"><subfield code="a">Published in Topeka, Jan. 4, 1881-</subfield></datafield><datafield ind1=" " ind2=" " tag="500"><subfield code="a">Editor: H. von Langen.</subfield></datafield><datafield ind1=" " ind2=" " tag="515"><subfield code="a">Suspended June 19, 1881-July 30, 1881.</subfield></datafield><datafield ind1=" " ind2=" " tag="546"><subfield code="a">In German and English.</subfield></datafield><datafield ind1=" " ind2="0" tag="650"><subfield code="a">German American newspapers.</subfield></datafield><datafield ind1=" " ind2="7" tag="650"><subfield code="a">German American newspapers.</subfield><subfield code="2">fast</subfield><subfield code="0">(OCoLC)fst00941297</subfield></datafield><datafield ind1="1" ind2=" " tag="700"><subfield code="a">Langen, H. von.</subfield></datafield><datafield ind1=" " ind2=" " tag="752"><subfield code="a">United States</subfield><subfield code="b">Kansas</subfield><subfield code="c">Shawnee</subfield><subfield code="d">Topeka.</subfield></datafield><datafield ind1=" " ind2=" " tag="752"><subfield code="a">United States</subfield><subfield code="b">Kansas</subfield><subfield code="c">Atchison</subfield><subfield code="d">Atchison.</subfield></datafield><datafield ind1="0" ind2="0" tag="780"><subfield code="t">Central Kansas telegraph</subfield><subfield code="w">(DLC)sn 85031014</subfield></datafield><datafield ind1="1" ind2=" " tag="029"><subfield code="a">AU@</subfield><subfield code="b">000025789740</subfield></datafield></record>